@online{GoogleMaps,
    title={Google Maps},
    author={Google},
    year={2019},
    url={https://www.google.com/maps},
    urldate={2019-05-28}
}

@article{viennaConvention,
    title={Vienna Convention on Diplomatic Relations},
    author={},
    url={http://dx.doi.org/10.1093/law:epil/9780199231690/e1004},
    year={2009},
    journal={Max Planck Encyclopedia of Public International Law}
}

@misc{fingerprintBriefcase,
    title={It’s About Time: Briefcase with Fingerprint Reader},
    author={Tom's Guide},
    url={https://www.tomsguide.com/us/fingerprint-briefcase-chinavision,news-7050.html},
    urldate={2019-05-29}
}

@misc{biometricBriefcase,
    title={Biometric Briefcase},
    author={Geeky Gadgets},
    url={https://www.geeky-gadgets.com/biometric-briefcase-09-06-2010},
    urldate={2019-05-29}
}

@misc{courierCoolers,
    title={Therapak Duramark Thermoelectric Cooler/Warmer - Refrigerators, Freezers and Cryogenics,Insulated Containers.},
    author={FisherSci},
    url={https://www.fishersci.com/shop/products/therapak-duramark-thermoelectric-cooler-warmer-3/p-4506487},
    urldate={2019-05-29}
}

@online{redisSecutiry,
    title={Redis Security - Redis},
    author={Redis},
    url={https://redis.io/topics/security#redis-general-security-model},
    urldate={2019-05-31}
}

@online{arduinoUSBHost,
    title={Arduino USB Host Shield},
    author={Arduino},
    year={2019},
    url={https://store.arduino.cc/arduino-usb-host-shield},
    urldate={2019-06-01}
}

@online{techopediaUSBOTG,
    title={What is USB On-The-Go (USB OTG)? - Definition from Techopedia},
    author={Techopedia Inc.},
    year={2019},
    url={https://www.techopedia.com/definition/3649/usb-on-the-go-usb-otg},
    urldate={2019-06-01}
}

@online{nxpDigikey,
    title={NXP USA Inc. MCF52212CAE50},
    author={Digi-Key Electronics.},
    year={2019},
    url={https://www.digikey.com/products/en?mpart=MCF52212CAE50&v=568},
    urldate={2019-06-01}
}

@online{solenoidDigikey,
    title={SparkFun Electronics ROB-11015},
    author={Digi-Key Electronics.},
    year={2019},
    url={https://www.digikey.com/product-detail/en/sparkfun-electronics/ROB-11015/1568-1592-ND/6163694},
    urldate={2019-06-01}
}

@online{batteryDigikey,
    title={EnerSys 0859-0010},
    author={Digi-Key Electronics.},
    year={2019},
    url={https://www.digikey.com/product-detail/en/enersys/0859-0010/842-1008-ND/2003840},
    urldate={2019-06-01}
}

@online{pcbFabrication,
    title={Fabrication Quote},
    author={Newbury Electronics LTD },
    year={2019},
    url={https://www.pcbtrain.co.uk/services/pcb-fabrication},
    urldate={2019-06-01}
}

@online{reinforcedBriefcase,
    title={Heavy Duty Black Aluminium Flight Case 330 x 280 x 130mm (13 x 11 x 5 1/8") | case | cheap | poly | waterproof | case | heavy | music},
    author={The Allendale Group Ltd  },
    year={2017},
    url={https://www.cases-and-enclosures.co.uk/heavy-duty-aluminium-flight-case-330-280-130.html},
    urldate={2019-06-01}
}

@manual{nxpDatasheet,
organization = "NXP Semiconductors",
title = "MCF52211 ColdFire Microcontroller",
year = 2011,
note = "Rev. 2"
}

@online{motorisedLock,
    title={351M.80 Lock - GB Locking Systems},
    author={GB Locking Systems Ltd.},
    url={https://gblockingsystems.co.uk/locking-systems/351m-80-lock/},
    urldate={2019-06-02}
}

@online{MapsAPI,
    title={Google Maps Platform Documentation},
    author={Google},
    url={https://developers.google.com/maps/documentation/},
    urldate={2019-06-02}
}

@online{AirpotFile,
    title={OurAirports - Open data downloads},
    author={OurAirports},
    url={http://ourairports.com/data/},
    urldate={2019-06-02}
}

@online{slack,
    title={Where work happens | Slack},
    author={Slack},
    url={https://slack.com/intl/en-gb/},
    urldate={2019-06-03}
}

@online{github,
    title={The world's leading software development platform - GitHub},
    author={GitHub},
    url={https://github.com/},
    urldate={2019-06-03}
}

@online{overleaf,
    title={LaTeX, Evolved},
    author={Overleaf},
    url={https://www.overleaf.com/},
    urldate={2019-06-04}
}

@online{docker,
    title={Enterprise Container Platform for High-Velocity Innovation},
    author={docker},
    url={https://www.docker.com/},
    urldate={2019-06-04}
}

@online{googledrive,
    title={Google Drive: Free Cloud Storage for Personal Use},
    author={Google},
    url={https://www.google.com/drive/},
    urldate={2019-06-03}
}

@misc{cubsesat,
    title={CubeSats Overview},
    url={https://www.nasa.gov/mission_pages/cubesats/overview},
    journal={NASA},
    publisher={NASA},
    author={Loff, Sarah},
    year={2015},
    month={07}
}

@inproceedings{narayanasamy2017nanosatellites,
  title={Nanosatellites constellation as an IoT communication platform for near equatorial countries},
  author={Narayanasamy, A and Ahmad, YA and Othman, M},
  booktitle={IOP Conference Series: Materials Science and Engineering},
  volume={260},
  number={1},
  pages={012028},
  year={2017},
  organization={IOP Publishing}
}

@misc{courierlogistics_2019,
    url={https://www.courierlogistics.co.uk/},
    title={Courier Logistic},
    year={2019}
}

@misc{speedlinktc,
    url={https://www.speedlinktc.com/},
    title={Same Day Courier | UK \& European Same Day Business Courier},
    year={2019}
}

@online{raspberryPi,
    title={Teach, Learn, and Make with Raspberry Pi – Raspberry Pi},
    author={Raspberry Pi Foundation},
    year=2019,
    url={https://www.raspberrypi.org/},
    urldate={2019-06-04}
}

@article{uludag2004biometric,
  title={Biometric cryptosystems: issues and challenges},
  author={Uludag, Umut and Pankanti, Sharath and Prabhakar, Salil and Jain, Anil K},
  journal={Proceedings of the IEEE},
  volume={92},
  number={6},
  pages={948--960},
  year={2004},
  publisher={IEEE}
}

@online{aviraBiometric,
    title={Biometrics really are (in)secure - Avira Blog},
    author={Nils Matthiesen},
    year=2019,
    url={https://blog.avira.com/biometrics-really-are-insecure/},
    urldate={2019-06-04}
}

@online{betaBiometric,
    title={Biometrics are less secure than passwords -- this is why},
    author={Jeremy Bergsman},
    year=2016,
    url={https://betanews.com/2016/08/24/unsafe-biometrics/},
    urldate={2019-06-04}
}

@online{jira,
    title={Jira | Issue \& Project Tracking Software | Atlassian},
    author={Atlassian},
    url={https://www.atlassian.com/software/jira},
    urldate={2019-06-04}
}

@online{React,
    title={React | A JavaScript library for building user interfaces},
    author={Facebook Inc.},
    url={https://reactjs.org/},
    urldate={2019-06-04}
}

@online{Redux,
    title={Redux | A predictable state container for JavaScript apps},
    author={Dan Abramov},
    url={https://redux.js.org/},
    urldate={2019-06-04}
}

@online{Bootstrap,
    title={Bootstrap | The most popular HTML, CSS and JavaScript library in the world},
    author={Mark Otto, Jacob Thornton},
    url={https://getbootstrap.com/},
    urldate={2019-06-04}
}


@online{topspeed,
    title={Topspeed - the home of sensitive and dangerous goods courier services},
    url={https://www.topspeedcouriers.co.uk/},
    urldate={2019-06-01}
}

@misc{smesVideo,
    url={https://www.youtube.com/watch?v=slyFbfK1mxE&feature=youtu.be}, 
    author={Crown Commercial Service},
    urldate={2019-05-28},
    year={2018}
}

@misc{nanosatcost,
    title={The low-cost mini satellites bringing mobile to the world},
    url={https://www.bbc.co.uk/news/business-43090226},
    journal={BBC News},
    publisher={BBC},
    author={Bowler, Tim},
    year={2018},
    month={Feb}
}

@online{onfleet,
    title={Onfleet | Features},
    url={https://onfleet.com/features},
    urldate={2019-06-01}
}

@inproceedings{krumm2017risk,
  title={Risk-aware planning: Methods and case study for safer driving routes},
  author={Krumm, John and Horvitz, Eric},
  booktitle={Twenty-Ninth IAAI Conference},
  year={2017}
}